% Copyright 2023 CEA Commissariat a l'Energie Atomique et aux Energies Alternatives (CEA)
% 
% Licensed under the Apache License, Version 2.0 (the "License");
% you may not use this file except in compliance with the License.
% You may obtain a copy of the License at
% 
%     http://www.apache.org/licenses/LICENSE-2.0
% 
% Unless required by applicable law or agreed to in writing, software
% distributed under the License is distributed on an "AS IS" BASIS,
% WITHOUT WARRANTIES OR CONDITIONS OF ANY KIND, either express or implied.
% See the License for the specific language governing permissions and
% limitations under the License.
%\title{Programming the VRP with VPFLoat++ }
%\author{
%  Jerome Fereyre, Cesar Fuguet, Yves Durand \\
%  CEA Grenoble
%}
%\date{\today}

@article{MPFR,
    author = {Fousse, Laurent and Hanrot, Guillaume and Lef\`{e}vre, Vincent and P{\'e}lissier, Patrick and Zimmermann, Paul},
    title = {{MPFR}: A Multiple-precision Binary Floating-point Library with Correct Rounding},
    journal = {ACM Transactions on Mathematical Software},
    volume = {33},
    number = {2},
    month = Jun,
    year = {2007},
    issn = {0098-3500},
    articleno = {13},
    acmid = {1236468},
    publisher = {ACM},
    address = {New York, NY, USA},
    keywords = {IEEE 754 standard, Multiple-precision arithmetic, correct rounding, elementary function, floating-point arithmetic, portable software},
}
